<record xmlns="http://www.loc.gov/MARC21/slim" xmlns:xsi="http://www.w3.org/2001/XMLSchema-instance" xsi:schemaLocation="http://www.loc.gov/MARC21/slim http://www.loc.gov/standards/marcxml/schema/MARC21slim.xsd"><leader>00856nz   2200217n  4500</leader><controlfield tag="001">oca01864633 </controlfield><controlfield tag="005">19870624145152.4</controlfield><controlfield tag="008">870529n| acannaab|          |a aaa ||| c</controlfield><datafield ind1=" " ind2=" " tag="010"><subfield code="a">n  86020791 </subfield></datafield><datafield ind1=" " ind2=" " tag="040"><subfield code="a">InU</subfield><subfield code="c">DLC</subfield><subfield code="d">DLC</subfield></datafield><datafield ind1="0" ind2=" " tag="100"><subfield code="a">Zenobius,</subfield><subfield code="d">2nd cent.</subfield></datafield><datafield ind1="0" ind2=" " tag="400"><subfield code="a">Zenobios,</subfield><subfield code="d">2nd cent.</subfield></datafield><datafield ind1="0" ind2=" " tag="400"><subfield code="a">Zenodotus,</subfield><subfield code="d">2nd cent.</subfield></datafield><datafield ind1="0" ind2=" " tag="400"><subfield code="a">Zenobius,</subfield><subfield code="c">Grammaticus,</subfield><subfield code="d">2nd cent.</subfield></datafield><datafield ind1="0" ind2=" " tag="400"><subfield code="a">Zenobius,</subfield><subfield code="c">Rhetor,</subfield><subfield code="d">2nd cent.</subfield></datafield><datafield ind1="0" ind2=" " tag="400"><subfield code="a">Zenobius,</subfield><subfield code="c">the Sophist,</subfield><subfield code="d">2nd cent.</subfield></datafield><datafield ind1=" " ind2=" " tag="670"><subfield code="a">His Zenobii Athoi proverbia, 1982:</subfield><subfield code="b">cover p. 2 (Zenobius 2nd cent. A.D.) p. 13 (Zenobius grammaticus, qui temporibus Hadriani (a. 117-138, p. Chr. n.) Romae vixit)</subfield></datafield><datafield ind1=" " ind2=" " tag="670"><subfield code="a">Lex. d. alten Welt, 1965</subfield><subfield code="b">(Zenobius, Rhetor, 2nd cent. A.D.)</subfield></datafield><datafield ind1=" " ind2=" " tag="670"><subfield code="a">Der kleine Pauly</subfield><subfield code="b">(Zenobios)</subfield></datafield><datafield ind1=" " ind2=" " tag="670"><subfield code="a">Bib. nat.</subfield><subfield code="b">(Zenobius, dit aussi Zenodotus)</subfield></datafield><datafield ind1=" " ind2=" " tag="670"><subfield code="a">BM</subfield><subfield code="b">(Zenobius the Sophist)</subfield></datafield></record>